@book{russell2020,
  title={Artificial Intelligence: A Modern Approach},
  author={Russell, Stuart J and Norvig, Peter},
  year={2020},
  edition={4th},
  publisher={Pearson}
}

@misc{atyabi2025csp,
  author={Atyabi, Adham},
  title={Constraint Satisfaction Problems},
  howpublished={Lecture 5, CS 4820/5820: Artificial Intelligence, University of Colorado Colorado Springs},
  year={2025},
  note={Fall 2025}
}

@misc{atyabi2025optimization,
  author={Atyabi, Adham},
  title={Search Optimization Part I-III},
  howpublished={Lecture 7, CS 4820/5820: Artificial Intelligence, University of Colorado Colorado Springs},
  year={2025},
  note={Fall 2025}
}
