@book{russell2020,
  author = {Russell, Stuart and Norvig, Peter},
  title = {Artificial Intelligence: A Modern Approach},
  edition = {4th},
  year = {2020},
  publisher = {Pearson},
  address = {Hoboken, NJ}
}

@inproceedings{kennedy1995,
  author = {Kennedy, J. and Eberhart, R.},
  title = {Particle Swarm Optimization},
  booktitle = {Proceedings of IEEE International Conference on Neural Networks},
  volume = {4},
  pages = {1942--1948},
  year = {1995}
}

@article{jamil2013,
  author = {Jamil, M. and Yang, X.},
  title = {A Literature Survey of Benchmark Functions for Global Optimization Problems},
  journal = {International Journal of Mathematical Modelling and Numerical Optimisation},
  volume = {4},
  number = {2},
  pages = {150--194},
  year = {2013}
}
