@misc{morvan2022dontpayattentionnoise,
      title={Don't Pay Attention to the Noise: Learning Self-supervised Representations of Light Curves with a Denoising Time Series Transformer}, 
      author={Mario Morvan and Nikolaos Nikolaou and Kai Hou Yip and Ingo Waldmann},
      year={2022},
      eprint={2207.02777},
      archivePrefix={arXiv},
      primaryClass={astro-ph.IM},
      url={https://arxiv.org/abs/2207.02777}, 
}

@misc{vaswani2017attentionneed,
      title={Attention Is All You Need}, 
      author={Ashish Vaswani and Noam Shazeer and Niki Parmar and Jakob Uszkoreit and Llion Jones and Aidan N. Gomez and Lukasz Kaiser and Illia Polosukhin},
      year={2017},
      eprint={1706.03762},
      archivePrefix={arXiv},
      primaryClass={cs.CL},
      url={https://arxiv.org/abs/1706.03762}, 
}

@article{salinas2025tessfullframe,
    author = {Salinas, Helem and Brahm, Rafael and Olmschenk, Greg and Barry, Richard K and Pichara, Karim and Ishitani Silva, Stela and Araujo, Vladimir},
    title = {Exoplanet transit candidate identification in TESS full-frame images via a transformer-based algorithm},
    journal = {Monthly Notices of the Royal Astronomical Society},
    volume = {538},
    number = {3},
    pages = {2031-2049},
    year = {2025},
    month = {02},
    issn = {0035-8711},
    doi = {10.1093/mnras/staf347},
    url = {https://doi.org/10.1093/mnras/staf347},
    eprint = {https://academic.oup.com/mnras/article-pdf/538/3/2031/62178740/staf347.pdf},
}

@article{salinas2023distinguishingtransitfalsepositives,
    author = {Salinas, Helem and Pichara, Karim and Brahm, Rafael and Pérez-Galarce, Francisco and Mery, Domingo},
    title = {Distinguishing a planetary transit from false positives: a Transformer-based classification for planetary transit signals},
    journal = {Monthly Notices of the Royal Astronomical Society},
    volume = {522},
    number = {3},
    pages = {3201-3216},
    year = {2023},
    month = {04},
    issn = {0035-8711},
    doi = {10.1093/mnras/stad1173},
    url = {https://doi.org/10.1093/mnras/stad1173},
    eprint = {https://academic.oup.com/mnras/article-pdf/522/3/3201/50171554/stad1173.pdf},
}

@article{kugler2016explorativeapproachkepler,
    author = {Kügler, S. D. and Gianniotis, N. and Polsterer, K. L.},
    title = {An explorative approach for inspecting Kepler data},
    journal = {Monthly Notices of the Royal Astronomical Society},
    volume = {455},
    number = {4},
    pages = {4399-4405},
    year = {2016},
    month = {12},
    issn = {0035-8711},
    doi = {10.1093/mnras/stv2604},
    url = {https://doi.org/10.1093/mnras/stv2604},
    eprint = {https://academic.oup.com/mnras/article-pdf/455/4/4399/13772449/stv2604.pdf},
}

@article{Vida2021findingflaresrecurrent,
   title={Finding flares in Kepler and TESS data with recurrent deep neural networks},
   volume={652},
   ISSN={1432-0746},
   url={http://dx.doi.org/10.1051/0004-6361/202141068},
   DOI={10.1051/0004-6361/202141068},
   journal={Astronomy \& Astrophysics},
   publisher={EDP Sciences},
   author={Vida, Krisztián and Bódi, Attila and Szklenár, Tamás and Seli, Bálint},
   year={2021},
   month=aug, pages={A107} }

@inproceedings{Du2016markedtemporalpoint,
author = {Du, Nan and Dai, Hanjun and Trivedi, Rakshit and Upadhyay, Utkarsh and Gomez-Rodriguez, Manuel and Song, Le},
title = {Recurrent Marked Temporal Point Processes: Embedding Event History to Vector},
year = {2016},
isbn = {9781450342322},
publisher = {Association for Computing Machinery},
address = {New York, NY, USA},
url = {https://doi.org/10.1145/2939672.2939875},
doi = {10.1145/2939672.2939875},
booktitle = {Proceedings of the 22nd ACM SIGKDD International Conference on Knowledge Discovery and Data Mining},
pages = {1555–1564},
numpages = {10},
keywords = {stochastic process, recurrent neural network, marked temporal point process},
location = {San Francisco, California, USA},
series = {KDD '16}
}

@article{Shallue2018identifyexoplanetsI,
   title={Identifying Exoplanets with Deep Learning: A Five-planet Resonant Chain around Kepler-80 and an Eighth Planet around Kepler-90},
   volume={155},
   ISSN={1538-3881},
   url={http://dx.doi.org/10.3847/1538-3881/aa9e09},
   DOI={10.3847/1538-3881/aa9e09},
   number={2},
   journal={The Astronomical Journal},
   publisher={American Astronomical Society},
   author={Shallue, Christopher J. and Vanderburg, Andrew},
   year={2018},
   month=jan, pages={94} }

@article{Dattilo2019identifyexoplanetsII,
   title={Identifying Exoplanets with Deep Learning. II. Two New Super-Earths Uncovered by a Neural Network in K2 Data},
   volume={157},
   ISSN={1538-3881},
   url={http://dx.doi.org/10.3847/1538-3881/ab0e12},
   DOI={10.3847/1538-3881/ab0e12},
   number={5},
   journal={The Astronomical Journal},
   publisher={American Astronomical Society},
   author={Dattilo, Anne and Vanderburg, Andrew and Shallue, Christopher J. and Mayo, Andrew W. and Berlind, Perry and Bieryla, Allyson and Calkins, Michael L. and Esquerdo, Gilbert A. and Everett, Mark E. and Howell, Steve B. and Latham, David W. and Scott, Nicholas J. and Yu, Liang},
   year={2019},
   month=apr, pages={169} }

@article{Osborn2019rapidclassificationtesscandidates,
   title={Rapid classification of TESS planet candidates with convolutional neural networks},
   volume={633},
   ISSN={1432-0746},
   url={http://dx.doi.org/10.1051/0004-6361/201935345},
   DOI={10.1051/0004-6361/201935345},
   journal={Astronomy \& Astrophysics},
   publisher={EDP Sciences},
   author={Osborn, H. P. and Ansdell, M. and Ioannou, Y. and Sasdelli, M. and Angerhausen, D. and Caldwell, D. and Jenkins, J. M. and Räissi, C. and Smith, J. C.},
   year={2019},
   month=jan, pages={A53} }

@article{Kugler2016ExplorativeKepler,
  author  = {K{\"u}gler, S. D. and Gianniotis, N. and Polsterer, K. L.},
  title   = {An explorative approach for inspecting Kepler data},
  journal = {MNRAS},
  year    = {2016},
  volume  = {455},
  number  = {4},
  pages   = {4399--4405}
}

@article{Vida2021FlaresRNN,
  author  = {Vida, K. and B{\'o}di, A. and Szklen{\'a}r, T. and Seli, B.},
  title   = {Finding flares in Kepler and TESS data with recurrent deep neural networks},
  journal = {A\&A},
  year    = {2021},
  volume  = {652},
  pages   = {A107}
}

@inproceedings{Du2016RMTPP,
  author    = {Du, Nan and Dai, Hanjun and Trivedi, Rahul and Upadhyay, Utkarsh and Gomez{-}Rodriguez, Manuel and Song, Le},
  title     = {Recurrent marked temporal point processes (model of when events happen): Embedding event history (past sequence of events) to vector},
  booktitle = {Proceedings of the 22nd {ACM} {SIGKDD} International Conference on Knowledge Discovery and Data Mining (KDD 2016)},
  year      = {2016},
  pages     = {1555--1564}
}
